<?xml version="1.0"?>
<collection xmlns="http://www.loc.gov/MARC21/slim">
  <record>
    <leader>01998nam a2200409 a 4500</leader>
    <controlfield tag="001">cihm_28908</controlfield>
    <controlfield tag="003">CaSfIA</controlfield>
    <controlfield tag="005">20160212080728.0</controlfield>
    <controlfield tag="007">cr||||||||||||</controlfield>
    <controlfield tag="008">831124s1894    onc     b     000 0 eng d</controlfield>
    <datafield tag="020" ind1=" " ind2=" ">
      <subfield code="a">0665289081</subfield>
    </datafield>
    <datafield tag="035" ind1=" " ind2=" ">
      <subfield code="a">ocn317910159</subfield>
    </datafield>
    <datafield tag="040" ind1=" " ind2=" ">
      <subfield code="a">CaOOCIHM</subfield>
      <subfield code="b">eng</subfield>
      <subfield code="d">AEU</subfield>
      <subfield code="d">CaSfIA</subfield>
    </datafield>
    <datafield tag="082" ind1="0" ind2=" ">
      <subfield code="a">354.71007232</subfield>
      <subfield code="2">19</subfield>
    </datafield>
    <datafield tag="090" ind1=" " ind2=" ">
      <subfield code="a">FC 02 0203 no. 28908</subfield>
      <subfield code="b">AEU</subfield>
    </datafield>
    <datafield tag="100" ind1="1" ind2=" ">
      <subfield code="a">Mulock, William,</subfield>
      <subfield code="c">Sir,</subfield>
      <subfield code="d">1844-1944</subfield>
    </datafield>
    <datafield tag="245" ind1="1" ind2="0">
      <subfield code="a">Speeches by Mr. Mulock in the House of Commons in the session of 1894</subfield>
      <subfield code="h">[electronic resource] </subfield>
    </datafield>
    <datafield tag="260" ind1=" " ind2=" ">
      <subfield code="a">[Toronto? :</subfield>
      <subfield code="b">s.n.],</subfield>
      <subfield code="c">1894</subfield>
      <subfield code="e">(Toronto :</subfield>
      <subfield code="f">Hunter, Rose)</subfield>
    </datafield>
    <datafield tag="300" ind1=" " ind2=" ">
      <subfield code="a">1 microfiche (21 fr.).</subfield>
    </datafield>
    <datafield tag="490" ind1="1" ind2=" ">
      <subfield code="a">CIHM/ICMH Microfiche series = CIHM/ICMH collection de microfiches ;</subfield>
      <subfield code="v">no. 28908</subfield>
    </datafield>
    <datafield tag="500" ind1=" " ind2=" ">
      <subfield code="a">Cover title.</subfield>
    </datafield>
    <datafield tag="533" ind1=" " ind2=" ">
      <subfield code="a">Filmed from a copy of the original publication held by the Thomas Fisher Rare Book Library, University of Toronto Library.</subfield>
      <subfield code="b">Ottawa :</subfield>
      <subfield code="c">Canadian Institute for Historical Microreproductions,</subfield>
      <subfield code="d">1982.</subfield>
    </datafield>
    <datafield tag="534" ind1=" " ind2=" ">
      <subfield code="e">33 p.</subfield>
    </datafield>
    <datafield tag="596" ind1=" " ind2=" ">
      <subfield code="a">43</subfield>
    </datafield>
    <datafield tag="610" ind1="2" ind2="0">
      <subfield code="a">Royal Military College of Canada</subfield>
      <subfield code="x">Curricula</subfield>
      <subfield code="x">Addresses, essays, lectures.</subfield>
    </datafield>
    <datafield tag="610" ind1="2" ind2="0">
      <subfield code="a">Royal Military College of Canada</subfield>
      <subfield code="x">Costs</subfield>
      <subfield code="x">Addresses, essays, lectures.</subfield>
    </datafield>
    <datafield tag="610" ind1="2" ind2="6">
      <subfield code="a">Coll&#xC3;&#xA8;ge militaire royal du Canada</subfield>
      <subfield code="x">Programmes d'&#xC3;&#xA9;tudes</subfield>
      <subfield code="x">Discours, essais, conf&#xC3;&#xA9;r</subfield>
    </datafield>
    <!-- No separator at end of field length=94 -->
    <datafield tag="610" ind1="n" ind2="c">
      <subfield code="s">.</subfield>
    </datafield>
    <!-- Separator but not at end of field length=79 -->
    <!-- Bad indicator data. Skipping 2 bytes -->
    <datafield tag="650" ind1="" ind2="">
      <subfield code="e">nces.</subfield>
    </datafield>
    <!-- Separator but not at end of field length=70 -->
    <datafield tag="650" ind1="," ind2=" ">
      <subfield code="e">ctures.</subfield>
    </datafield>
    <!-- Separator but not at end of field length=67 -->
    <datafield tag="650" ind1="," ind2=" ">
      <subfield code="e">ctures.</subfield>
    </datafield>
    <!-- Separator but not at end of field length=62 -->
    <datafield tag="650" ind1="," ind2=" ">
      <subfield code="e">ctures.</subfield>
    </datafield>
    <!-- Separator but not at end of field length=79 -->
    <datafield tag="650" ind1="c" ind2="o">
      <subfield code="f">&#xC3;&#xA9;rences.</subfield>
    </datafield>
    <!-- Separator but not at end of field length=67 -->
    <datafield tag="650" ind1="i" ind2="s">
      <subfield code=" ">conf&#xC3;&#xA9;rences.</subfield>
    </datafield>
    <!-- Separator but not at end of field length=69 -->
    <datafield tag="830" ind1="e" ind2="s">
      <subfield code="a">is, conf&#xC3;&#xA9;rences.</subfield>
    </datafield>
    <!-- Separator but not at end of field length=45 -->
    <datafield tag="856" ind1="4" ind2="1">
      <subfield code="u">http://archive.org/details/cihm_28908</subfield>
      <subfield code="z">Free eBook from the Internet Archive</subfield>
    </datafield>
    <!-- No separator at end of field length=22 -->
    <!-- Bad indicator data. Skipping 2 bytes -->
    <datafield tag="016" ind1=" " ind2=" ">
      <subfield code="h">UAHS-MF</subfield>
      <subfield code="z">C</subfield>
    </datafield>
    <!-- No separator at end of field length=15 -->
    <!-- Separator but not at end of field length=58 -->
  </record>
</collection>
